@article{applications,
title = {Recent Applications of Hidden Markov Models in Computational Biology},
journal = {Genomics, Proteomics \& Bioinformatics},
volume = {2},
number = {2},
pages = {84-96},
year = {2004},
issn = {1672-0229},
doi = {https://doi.org/10.1016/S1672-0229(04)02014-5},
url = {https://www.sciencedirect.com/science/article/pii/S1672022904020145},
author = {Khar Heng Choo and Joo Chuan Tong and Louxin Zhang},
keywords = {Hidden Markov Models, sequence alignment, homology detection, protein structure prediction, gene prediction},
abstract = {This paper examines recent developments and applications of Hidden Markov Models (HMMs)
						to various problems in computational biology, including multiple sequence alignment,
						homology detection, protein sequences classification, and genomic annotation.}
}
@misc{hmm_notes,
	title= {Machine Learning},
	author={Ben Herbst and Johan du Preez and Steve Kroon},
	year={n.d.},
}
@misc{baum,
	title = {A Maximization Technique Ocurring in the Statistical Analysis of Probabilistic Functions
					of Markov Chains},
	journal = {The Annals of Mathematical Statistics},
	volume = {41},
	number = {1},
	year = {1970},
	url = {http://www.jstor.org/stable/2239727},
	pages = {164-71},
	author = {Leanard Baum and Ted Petrie and George Soules and Norman Weiss},
}
@misc{me,
	title={This is a dummy reference},
	year={2022},
	author={River},
}
